@book{DBLP:books/lib/Bishop07,
  author    = {Christopher M. Bishop},
  title     = {Pattern recognition and machine learning, 5th Edition},
  series    = {Information science and statistics},
  publisher = {Springer},
  year      = {2007},
  url       = {http://www.worldcat.org/oclc/71008143},
  isbn      = {9780387310732},
  timestamp = {Wed, 26 Apr 2017 17:48:52 +0200},
  biburl    = {http://dblp.uni-trier.de/rec/bib/books/lib/Bishop07},
  bibsource = {dblp computer science bibliography, http://dblp.org}
}

@book{DBLP:books/lib/Karau15,
  author    = {Holden Karau},
  title     = {Learning Spark - lightning-fast data analysis, 1st Edition},
  publisher = {O'Reilly},
  year      = {2015},
  isbn      = {9781449358624},
  timestamp = {Wed, 03 May 2017 18:39:06 +0200},
  biburl    = {http://dblp.uni-trier.de/rec/bib/books/lib/Karau15},
  bibsource = {dblp computer science bibliography, http://dblp.org}
}

@book{Parsian:2015:DAR:2876245,
 author = {Parsian, Mahmoud},
 title = {Data Algorithms: Recipes for Scaling Up with Hadoop and Spark},
 year = {2015},
 isbn = {1491906189, 9781491906187},
 edition = {1st},
 publisher = {O'Reilly Media, Inc.},
}
 
@book{White:2009:HDG:1717298,
 author = {White, Tom},
 title = {Hadoop: The Definitive Guide},
 year = {2009},
 isbn = {0596521979, 9780596521974},
 edition = {1st},
 publisher = {O'Reilly Media, Inc.},
}

@book{KarauWarren201706,
title={High Performance Spark: Best Practices for Scaling and Optimizing Apache Spark},
author={Holden Karau and Rachel Warren},
publisher={O'Reilly Media},
year={2017},
month={6},
edition={1},
isbn={9781491943205},
url={http://amazon.com/o/ASIN/1491943203/},
price={$39.99},
totalpages={358},
timestamp={2017.08.15},
}

@book{DBLP:books/lib/HastieTF09,
  author    = {Trevor Hastie and Robert Tibshirani and Jerome H. Friedman},
  title     = {The elements of statistical learning: data mining, inference, and prediction, 2nd Edition},
  series    = {Springer series in statistics},
  publisher = {Springer},
  year      = {2009},
  url       = {http://www.worldcat.org/oclc/300478243},
  isbn      = {9780387848570},
  timestamp = {Wed, 03 May 2017 18:39:06 +0200},
  biburl    = {http://dblp.uni-trier.de/rec/bib/books/lib/HastieTF09},
  bibsource = {dblp computer science bibliography, http://dblp.org}
}

@book{MinerShook201212,
title={MapReduce Design Patterns: Building Effective Algorithms and Analytics for Hadoop and Other Systems},
author={Donald Miner and Adam Shook},
publisher={O'Reilly Media},
year={2012},
month={12},
edition={1},
isbn={9781449327170},
url={http://amazon.com/o/ASIN/1449327176/},
price={$44.99},
totalpages={230},
timestamp={2017.08.15},
}

@misc{COURSERA:machine_learning:AndrewNG,
author={Andrew NG.},
title={Aprendizaje Automático},
howpublished={\url{https://es.coursera.org/learn/machine-learning}},
year={2011}
}

@misc{CLOUDERA:developer_cert,
author={Cloudera},
title={CCA Spark and Hadoop Developer},
howpublished={\url{https://www.cloudera.com/more/training/certification/cca-spark.html}},
year={2016}
}

@misc{CLOUDERA:admin_cert,
author={Cloudera},
title={Cloudera Certified Administrator for Apache Hadoop},
howpublished={\url{https://www.cloudera.com/more/training/certification/cca-admin.html}},
year={2016}
}

@misc{CLOUDERA:doc,
author={Cloudera},
title={CDH 5 and Cloudera Manager 5 Requirements and Supported Versions},
howpublished={\url{https://www.cloudera.com/documentation/enterprise/release-notes/topics/rn_consolidated_pcm.html}},
year={2016}
}

@Article{Hunter:2007,
  Author    = {Hunter, J. D.},
  Title     = {Matplotlib: A 2D graphics environment},
  Journal   = {Computing In Science \& Engineering},
  Volume    = {9},
  Number    = {3},
  Pages     = {90--95},
  abstract  = {Matplotlib is a 2D graphics package used for Python
  for application development, interactive scripting, and
  publication-quality image generation across user
  interfaces and operating systems.},
  publisher = {IEEE COMPUTER SOC},
  doi = {10.1109/MCSE.2007.55},
  year      = 2007
}

@Misc{label_1,
  author =    {Eric Jones and Travis Oliphant and Pearu Peterson and others},
  title =     {{SciPy}: Open source scientific tools for {Python}},
  year =      {2001--},
  url = "http://www.scipy.org/",
  note = {[Online; accessed <today>]}
}

@Misc{label_2,
  author =    {Stéfan van der Walt, S. Chris Colbert and Gaël Varoquaux},
  title =     {The NumPy Array: A Structure for Efficient Numerical Computation, Computing in Science and Engineering},
  year =      {2011},
  url = "http://aip.scitation.org/doi/abs/10.1109/MCSE.2011.37"
}

@Misc{label_3,
  author =    {Fernando Pérez and Brian E. Granger.},
  title =     {IPython: A System for Interactive Scientific Computing, Computing in Science and Engineering},
  year =      {2007},
  url = "http://aip.scitation.org/doi/abs/10.1109/MCSE.2007.53"
}

@incollection{NIPS2006_3150,
title = {Map-Reduce for Machine Learning on Multicore},
author = {Cheng-tao Chu and Sang K. Kim and Yi-an Lin and Yuanyuan Yu and Gary Bradski and Olukotun, Kunle and Andrew Y. Ng},
booktitle = {Advances in Neural Information Processing Systems 19},
editor = {P. B. Sch\"{o}lkopf and J. C. Platt and T. Hoffman},
pages = {281--288},
year = {2007},
publisher = {MIT Press},
url = {http://papers.nips.cc/paper/3150-map-reduce-for-machine-learning-on-multicore.pdf}
}

@book{DBLP:books/cu/C2017,
  author    = {Zbigniew J. Czech},
  title     = {Introduction to Parallel Computing},
  publisher = {Cambridge University Press},
  year      = {2017},
  url       = {https://doi.org/10.1017/9781316795835},
  doi       = {10.1017/9781316795835},
  isbn      = {9781316795835},
  timestamp = {Tue, 16 May 2017 14:01:42 +0200},
  biburl    = {http://dblp.uni-trier.de/rec/bib/books/cu/C2017},
  bibsource = {dblp computer science bibliography, http://dblp.org}
}
